
   <marc:record>
      <marc:leader>     cam a22        4500</marc:leader>
      <marc:controlfield tag="001">047271256</marc:controlfield>
      <marc:controlfield tag="003">DE-576</marc:controlfield>
      <marc:controlfield tag="005">20200112224643.0</marc:controlfield>
      <marc:controlfield tag="007">tu</marc:controlfield>
      <marc:controlfield tag="008">950817s1982    xx |||||      00| ||ger c</marc:controlfield>
      <marc:datafield tag="035" ind1=" " ind2=" ">
         <marc:subfield code="a">(DE-627)1117271250</marc:subfield>
      </marc:datafield>
      <marc:datafield tag="035" ind1=" " ind2=" ">
         <marc:subfield code="a">(DE-576)047271256</marc:subfield>
      </marc:datafield>
      <marc:datafield tag="035" ind1=" " ind2=" ">
         <marc:subfield code="a">(DE-599)BSZ047271256</marc:subfield>
      </marc:datafield>
      <marc:datafield tag="035" ind1=" " ind2=" ">
         <marc:subfield code="a">(OCoLC)312541842</marc:subfield>
      </marc:datafield>
      <marc:datafield tag="035" ind1=" " ind2=" ">
         <marc:subfield code="a">(OCoLC)312541842</marc:subfield>
      </marc:datafield>
      <marc:datafield tag="035" ind1=" " ind2=" ">
         <marc:subfield code="a">(DE-604)8001372939</marc:subfield>
      </marc:datafield>
      <marc:datafield tag="040" ind1=" " ind2=" ">
         <marc:subfield code="a">DE-576</marc:subfield>
         <marc:subfield code="b">ger</marc:subfield>
         <marc:subfield code="c">DE-576</marc:subfield>
         <marc:subfield code="e">rda</marc:subfield>
      </marc:datafield>
      <marc:datafield tag="041" ind1=" " ind2=" ">
         <marc:subfield code="a">ger</marc:subfield>
      </marc:datafield>
      <marc:datafield tag="084" ind1=" " ind2=" ">
         <marc:subfield code="a">RM 20805</marc:subfield>
         <marc:subfield code="2">rvk</marc:subfield>
         <marc:subfield code="0">(DE-625)rvk/142365:12866</marc:subfield>
      </marc:datafield>
      <marc:datafield tag="084" ind1=" " ind2=" ">
         <marc:subfield code="a">LB 40210</marc:subfield>
         <marc:subfield code="2">rvk</marc:subfield>
         <marc:subfield code="0">(DE-625)rvk/90549:835</marc:subfield>
      </marc:datafield>
      <marc:datafield tag="100" ind1="1" ind2=" ">
         <marc:subfield code="a">Toft, Gösta</marc:subfield>
         <marc:subfield code="e">VerfasserIn</marc:subfield>
         <marc:subfield code="4">aut</marc:subfield>
      </marc:datafield>
      <marc:datafield tag="245" ind1="1" ind2="4">
         <marc:subfield code="a">Die bäuerliche Struktur der deutschen Volksgruppe in Nordschleswig</marc:subfield>
         <marc:subfield code="c">Gösta Toft</marc:subfield>
      </marc:datafield>
      <marc:datafield tag="264" ind1=" " ind2="1">
         <marc:subfield code="a">Flensburg</marc:subfield>
         <marc:subfield code="b">Institut für Regionale Forschung und Information im Deutschen Grenzverein e.V.</marc:subfield>
         <marc:subfield code="c">[1982]</marc:subfield>
      </marc:datafield>
      <marc:datafield tag="264" ind1=" " ind2="4">
         <marc:subfield code="c">© 1982</marc:subfield>
      </marc:datafield>
      <marc:datafield tag="300" ind1=" " ind2=" ">
         <marc:subfield code="a">VI, 99 Seiten</marc:subfield>
         <marc:subfield code="b">Diagramme, Karten</marc:subfield>
      </marc:datafield>
      <marc:datafield tag="336" ind1=" " ind2=" ">
         <marc:subfield code="a">Text</marc:subfield>
         <marc:subfield code="b">txt</marc:subfield>
         <marc:subfield code="2">rdacontent</marc:subfield>
      </marc:datafield>
      <marc:datafield tag="337" ind1=" " ind2=" ">
         <marc:subfield code="a">ohne Hilfsmittel zu benutzen</marc:subfield>
         <marc:subfield code="b">n</marc:subfield>
         <marc:subfield code="2">rdamedia</marc:subfield>
      </marc:datafield>
      <marc:datafield tag="338" ind1=" " ind2=" ">
         <marc:subfield code="a">Band</marc:subfield>
         <marc:subfield code="b">nc</marc:subfield>
         <marc:subfield code="2">rdacarrier</marc:subfield>
      </marc:datafield>
      <marc:datafield tag="591" ind1=" " ind2=" ">
         <marc:subfield code="a">720 ff. bvb; 580 ff. bvb (SWB)</marc:subfield>
      </marc:datafield>
      <marc:datafield tag="689" ind1="0" ind2="0">
         <marc:subfield code="D">g</marc:subfield>
         <marc:subfield code="0">(DE-588)4075476-5</marc:subfield>
         <marc:subfield code="0">(DE-627)104540745</marc:subfield>
         <marc:subfield code="0">(DE-576)209198028</marc:subfield>
         <marc:subfield code="a">Nordschleswig</marc:subfield>
         <marc:subfield code="2">gnd</marc:subfield>
      </marc:datafield>
      <marc:datafield tag="689" ind1="0" ind2="1">
         <marc:subfield code="D">s</marc:subfield>
         <marc:subfield code="0">(DE-588)4034026-0</marc:subfield>
         <marc:subfield code="0">(DE-627)106254863</marc:subfield>
         <marc:subfield code="0">(DE-576)209004657</marc:subfield>
         <marc:subfield code="a">Ländlicher Raum</marc:subfield>
         <marc:subfield code="2">gnd</marc:subfield>
      </marc:datafield>
      <marc:datafield tag="689" ind1="0" ind2="2">
         <marc:subfield code="D">s</marc:subfield>
         <marc:subfield code="0">(DE-588)4055898-8</marc:subfield>
         <marc:subfield code="0">(DE-627)106156489</marc:subfield>
         <marc:subfield code="0">(DE-576)209115831</marc:subfield>
         <marc:subfield code="a">Sozialstruktur</marc:subfield>
         <marc:subfield code="2">gnd</marc:subfield>
      </marc:datafield>
      <marc:datafield tag="689" ind1="0" ind2="3">
         <marc:subfield code="D">s</marc:subfield>
         <marc:subfield code="0">(DE-588)4070334-4</marc:subfield>
         <marc:subfield code="0">(DE-627)104798858</marc:subfield>
         <marc:subfield code="0">(DE-576)20918020X</marc:subfield>
         <marc:subfield code="a">Deutsche</marc:subfield>
         <marc:subfield code="2">gnd</marc:subfield>
      </marc:datafield>
      <marc:datafield tag="689" ind1="0" ind2=" ">
         <marc:subfield code="5">(DE-627)</marc:subfield>
      </marc:datafield>
      <marc:datafield tag="689" ind1="1" ind2="0">
         <marc:subfield code="D">g</marc:subfield>
         <marc:subfield code="0">(DE-588)4075476-5</marc:subfield>
         <marc:subfield code="0">(DE-627)104540745</marc:subfield>
         <marc:subfield code="0">(DE-576)209198028</marc:subfield>
         <marc:subfield code="a">Nordschleswig</marc:subfield>
         <marc:subfield code="2">gnd</marc:subfield>
      </marc:datafield>
      <marc:datafield tag="689" ind1="1" ind2="1">
         <marc:subfield code="D">s</marc:subfield>
         <marc:subfield code="0">(DE-588)4070334-4</marc:subfield>
         <marc:subfield code="0">(DE-627)104798858</marc:subfield>
         <marc:subfield code="0">(DE-576)20918020X</marc:subfield>
         <marc:subfield code="a">Deutsche</marc:subfield>
         <marc:subfield code="2">gnd</marc:subfield>
      </marc:datafield>
      <marc:datafield tag="689" ind1="1" ind2=" ">
         <marc:subfield code="5">(DE-627)</marc:subfield>
      </marc:datafield>
      <marc:datafield tag="689" ind1="2" ind2="0">
         <marc:subfield code="D">s</marc:subfield>
         <marc:subfield code="0">(DE-588)4070334-4</marc:subfield>
         <marc:subfield code="0">(DE-627)104798858</marc:subfield>
         <marc:subfield code="0">(DE-576)20918020X</marc:subfield>
         <marc:subfield code="a">Deutsche</marc:subfield>
         <marc:subfield code="2">gnd</marc:subfield>
      </marc:datafield>
      <marc:datafield tag="689" ind1="2" ind2="1">
         <marc:subfield code="D">s</marc:subfield>
         <marc:subfield code="0">(DE-588)4034402-2</marc:subfield>
         <marc:subfield code="0">(DE-627)10625295X</marc:subfield>
         <marc:subfield code="0">(DE-576)209006692</marc:subfield>
         <marc:subfield code="a">Landwirtschaft</marc:subfield>
         <marc:subfield code="2">gnd</marc:subfield>
      </marc:datafield>
      <marc:datafield tag="689" ind1="2" ind2="2">
         <marc:subfield code="D">g</marc:subfield>
         <marc:subfield code="0">(DE-588)4075476-5</marc:subfield>
         <marc:subfield code="0">(DE-627)104540745</marc:subfield>
         <marc:subfield code="0">(DE-576)209198028</marc:subfield>
         <marc:subfield code="a">Nordschleswig</marc:subfield>
         <marc:subfield code="2">gnd</marc:subfield>
      </marc:datafield>
      <marc:datafield tag="689" ind1="2" ind2=" ">
         <marc:subfield code="5">(DE-627)</marc:subfield>
      </marc:datafield>
      <marc:datafield tag="936" ind1="r" ind2="v">
         <marc:subfield code="a">RM 20805</marc:subfield>
         <marc:subfield code="b">Sozialräumliche Gliederung (Sozialgruppen,</marc:subfield>
         <marc:subfield code="k">Geografie</marc:subfield>
         <marc:subfield code="k">Regionale Geografie</marc:subfield>
         <marc:subfield code="k">Europa</marc:subfield>
         <marc:subfield code="k">Nordeuropa</marc:subfield>
         <marc:subfield code="k">Dänemark (mit Färöer)</marc:subfield>
         <marc:subfield code="k">Allgemeine Geografie</marc:subfield>
         <marc:subfield code="k">Anthropogeografie</marc:subfield>
         <marc:subfield code="k">Sozialgeografie und Politische Geografie</marc:subfield>
         <marc:subfield code="k">Teilgebiete und Einzelfragen</marc:subfield>
         <marc:subfield code="k">Sozialräumliche Gliederung (Sozialgruppen,</marc:subfield>
         <marc:subfield code="0">(DE-627)1272527247</marc:subfield>
         <marc:subfield code="0">(DE-625)rvk/142365:12866</marc:subfield>
         <marc:subfield code="0">(DE-576)202527247</marc:subfield>
      </marc:datafield>
      <marc:datafield tag="936" ind1="r" ind2="v">
         <marc:subfield code="a">LB 40210</marc:subfield>
         <marc:subfield code="b">Dänemark</marc:subfield>
         <marc:subfield code="k">Ethnologie</marc:subfield>
         <marc:subfield code="k">Soziale und politische Organisation und Praxis</marc:subfield>
         <marc:subfield code="k">Gesellschaft allgemein, Alltag und Lebensweise</marc:subfield>
         <marc:subfield code="k">Europa</marc:subfield>
         <marc:subfield code="k">Nordeuropa</marc:subfield>
         <marc:subfield code="k">Dänemark</marc:subfield>
         <marc:subfield code="0">(DE-627)1272527255</marc:subfield>
         <marc:subfield code="0">(DE-625)rvk/90549:835</marc:subfield>
         <marc:subfield code="0">(DE-576)202527255</marc:subfield>
      </marc:datafield>
      <marc:datafield tag="951" ind1=" " ind2=" ">
         <marc:subfield code="a">BO</marc:subfield>
      </marc:datafield>
   </marc:record>