
   <marc:record>
      <marc:leader>     ccm a22     2  4500</marc:leader>
      <marc:controlfield tag="001">046164057</marc:controlfield>
      <marc:controlfield tag="003">DE-576</marc:controlfield>
      <marc:controlfield tag="005">20121109095211.0</marc:controlfield>
      <marc:controlfield tag="007">qu</marc:controlfield>
      <marc:controlfield tag="008">950626s1973    xx ||||| |||| ||| | und c</marc:controlfield>
      <marc:datafield tag="028" ind1="5" ind2="2">
         <marc:subfield code="a">ED 6256</marc:subfield>
      </marc:datafield>
      <marc:datafield tag="035" ind1=" " ind2=" ">
         <marc:subfield code="a">(DE-627)1116164051</marc:subfield>
      </marc:datafield>
      <marc:datafield tag="035" ind1=" " ind2=" ">
         <marc:subfield code="a">(DE-576)046164057</marc:subfield>
      </marc:datafield>
      <marc:datafield tag="035" ind1=" " ind2=" ">
         <marc:subfield code="a">(DE-599)BSZ046164057</marc:subfield>
      </marc:datafield>
      <marc:datafield tag="035" ind1=" " ind2=" ">
         <marc:subfield code="a">(OCoLC)180082058</marc:subfield>
      </marc:datafield>
      <marc:datafield tag="040" ind1=" " ind2=" ">
         <marc:subfield code="a">DE-576</marc:subfield>
         <marc:subfield code="b">ger</marc:subfield>
         <marc:subfield code="c">DE-576</marc:subfield>
         <marc:subfield code="e">rakwb</marc:subfield>
      </marc:datafield>
      <marc:datafield tag="100" ind1="1" ind2=" ">
         <marc:subfield code="a">Tajčević, Marko</marc:subfield>
         <marc:subfield code="d">1900-1984</marc:subfield>
         <marc:subfield code="0">(DE-588)129722634</marc:subfield>
         <marc:subfield code="0">(DE-627)478101333</marc:subfield>
         <marc:subfield code="0">(DE-576)216633257</marc:subfield>
         <marc:subfield code="4">aut</marc:subfield>
      </marc:datafield>
      <marc:datafield tag="240" ind1="1" ind2="0">
         <marc:subfield code="a">Balkanskih igara. Fassung Klar Vc Kl</marc:subfield>
      </marc:datafield>
      <marc:datafield tag="245" ind1="1" ind2="0">
         <marc:subfield code="a">Sieben Balkantänze</marc:subfield>
         <marc:subfield code="b">für Klarinette in B, Violoncello und Klavier = Sedam balkanskih igara = Sept Dances des Balcans = Seven Balkan dances</marc:subfield>
         <marc:subfield code="c">Marko Tajčević. Bearb. von A. Srebotnjak</marc:subfield>
      </marc:datafield>
      <marc:datafield tag="246" ind1="3" ind2="1">
         <marc:subfield code="a">Sedam balkanskih igara</marc:subfield>
      </marc:datafield>
      <marc:datafield tag="246" ind1="3" ind2="1">
         <marc:subfield code="a">Sept Dances des Balcans</marc:subfield>
      </marc:datafield>
      <marc:datafield tag="246" ind1="3" ind2="1">
         <marc:subfield code="a">Seven Balkan dances</marc:subfield>
      </marc:datafield>
      <marc:datafield tag="246" ind1="3" ind2="3">
         <marc:subfield code="a">Sedam balkanskih igara</marc:subfield>
      </marc:datafield>
      <marc:datafield tag="250" ind1=" " ind2=" ">
         <marc:subfield code="a">Partitur und Stimmen</marc:subfield>
      </marc:datafield>
      <marc:datafield tag="264" ind1=" " ind2="1">
         <marc:subfield code="a">Mainz [u.a.]</marc:subfield>
         <marc:subfield code="b">Schott</marc:subfield>
         <marc:subfield code="c">c 1973</marc:subfield>
      </marc:datafield>
      <marc:datafield tag="300" ind1=" " ind2=" ">
         <marc:subfield code="a">23 S.</marc:subfield>
         <marc:subfield code="e">2 St.</marc:subfield>
      </marc:datafield>
      <marc:datafield tag="336" ind1=" " ind2=" ">
         <marc:subfield code="a">Noten</marc:subfield>
         <marc:subfield code="b">ntm</marc:subfield>
         <marc:subfield code="2">rdacontent</marc:subfield>
      </marc:datafield>
      <marc:datafield tag="337" ind1=" " ind2=" ">
         <marc:subfield code="a">ohne Hilfsmittel zu benutzen</marc:subfield>
         <marc:subfield code="b">n</marc:subfield>
         <marc:subfield code="2">rdamedia</marc:subfield>
      </marc:datafield>
      <marc:datafield tag="338" ind1=" " ind2=" ">
         <marc:subfield code="a">Band</marc:subfield>
         <marc:subfield code="b">nc</marc:subfield>
         <marc:subfield code="2">rdacarrier</marc:subfield>
      </marc:datafield>
      <marc:datafield tag="591" ind1=" " ind2=" ">
         <marc:subfield code="a">bes: mahmhm ; IMD-Felder und 1131 maschinell ergänzt (SWB)</marc:subfield>
      </marc:datafield>
      <marc:datafield tag="700" ind1="1" ind2=" ">
         <marc:subfield code="a">Srebotnjak, Alojz</marc:subfield>
         <marc:subfield code="d">1931-2010</marc:subfield>
         <marc:subfield code="e">Bearb.</marc:subfield>
         <marc:subfield code="0">(DE-588)128768940</marc:subfield>
         <marc:subfield code="0">(DE-627)379673606</marc:subfield>
         <marc:subfield code="0">(DE-576)182197069</marc:subfield>
         <marc:subfield code="4">adp</marc:subfield>
      </marc:datafield>
      <marc:datafield tag="935" ind1=" " ind2=" ">
         <marc:subfield code="c">muno</marc:subfield>
      </marc:datafield>
      <marc:datafield tag="937" ind1=" " ind2=" ">
         <marc:subfield code="d">Drei</marc:subfield>
         <marc:subfield code="e">Klarinette, Violoncello, Klavier</marc:subfield>
         <marc:subfield code="f">Trio, Tanz</marc:subfield>
      </marc:datafield>
      <marc:datafield tag="951" ind1=" " ind2=" ">
         <marc:subfield code="a">BO</marc:subfield>
      </marc:datafield>
   </marc:record>